@article{rebollo2015,
  author={Rebollo, MP and Sambou, SM and Thomas, B and Biritwum, N-K and Jaye, MC and Kelly-Hope, L and Escalada, AG and Molyneux, DH and Bockarie, MJ},
  title={Elimination of lymphatic filariasis in The Gambia},
  journal={PLoS Negl Trop Dis},
  year={2015},
  volume={9},
  number={3},
  publisher={Public Library of Science}
}
@article{rao2014,
  title={A comprehensive assessment of lymphatic filariasis in Sri Lanka six years after cessation of mass drug administration},
  author={Rao, RU and Nagodavithana, KC and Samarasekera, SD and Wijegunawardana, AD and Premakumara, WDY and Perera, SN and Settinayake, S and Miller, JP and Weil, GJ},
  journal={PLoS Negl Trop Dis},
  volume={8},
  number={11},
  year={2014},
  publisher={Public Library of Science}
}
@article{Molyneux2017,
  title={Guinea worm eradication: Progress and challenges —- should we beware of the dog?},
  author={Molyneux, David and Sankara, Dieudonn{\'e} P},
  journal={PLoS neglected tropical diseases},
  volume={11},
  number={4},
  pages={e0005495},
  year={2017},
  publisher={Public Library of Science}
}
@article{Kenawy2015,
  title={Insects in ancient (Pharaonic) Egypt: a review of fauna, their mythological and religious significance and associated diseases},
  author={Kenawy, MA and Abdel-Hamid, YA-H},
  journal={Egyptian Academic Journal of Biological Sciences. A, Entomology},
  volume={8},
  number={1},
  pages={15--32},
  year={2015},
  publisher={Egyptian Society of Biological Sciences}
}
@book{Melrose2004,
  title={Lymphatic filariasis: A review 1862-2002},
  author={Melrose, Wayne},
  year={2004},
  publisher={Citeseer}
}
@article{hamlin2012,
  title={Longitudinal monitoring of the development of antifilarial antibodies and acquisition of Wuchereria bancrofti in a highly endemic area of Haiti},
  author={Hamlin, KL and Moss, DM and Priest, JW and Roberts, J and Kubofcik, J and Gass, K and Streit, TG and Nutman, TB and Eberhard, ML and Lammie, PJ},
  journal={PLoS Negl Trop Dis},
  volume={6},
  number={12},
  pages={e1941},
  year={2012},
  publisher={Public Library of Science}
}
@article{arnold2014,
  title={Serological measures of malaria transmission in Haiti: Comparison of longitudinal and cross-sectional methods},
  author={Arnold, BF and Priest, JW and Hamlin, KL and Moss, DM and Colford Jr, JM and Lammie, PJ},
  journal={PloS one},
  volume={9},
  number={4},
  pages={e93684},
  year={2014},
  publisher={Public Library of Science}
}
@article{irvine2016,
  title={Understanding the relationship between prevalence of microfilariae and antigenaemia using a model of lymphatic filariasis infection},
  author={Irvine, MA and Njenga, SM and Gunawardena, S and Wamae, CN and Cano, J and Brooker, SJ and Hollingsworth, TD},
  journal={Trans R Soc Trop Med Hyg},
  volume={110},
  number={2},
  pages={118--124},
  year={2016},
  publisher={Oxford University Press}
}

@MISC{CDCMalaria,
  title={CDC: About Malaria -- Anopheles Mosquitoes},
  author={Centre for Disease Control and Prevention.},
  year={2015},
  note="Available at: https://www.cdc.gov/malaria/about/biology/mosquitoes/ [Accessed: 10th Dec 2019]"
}
@article{irvine2015,
  title={Modelling strategies to break transmission of lymphatic filariasis-aggregation, adherence and vector competence greatly alter elimination},
  author={Irvine, MA and Reimer, LJ and Njenga, SM and Gunawardena, S and Kelly-Hope, L and Bockarie, M and Hollingsworth, TD},
  journal={Parasit Vectors},
  volume={8},
  number={1},
  pages={1},
  year={2015},
  publisher={BioMed Central}
}


@article{bockarie2009,
  title={Role of vector control in the global program to eliminate lymphatic filariasis},
  author={Bockarie, MJ and Pedersen, EM and White, GB and Michael, E},
  journal={Annu Rev Entomol},
  volume={54},
  pages={469--487},
  year={2009},
  publisher={Annual Reviews}
}
@MISC{Nigeria,
   author = {World Health Organization},
   title = {Nigeria launches the malaria and lymphatic filariasis co-implementation guidelines},
   year = {2014},
   url = {http://www.afro.who.int/en/nigeria/press-materials/item/6286-nigeria-launches-the-malaria-and-lymphatic-filariasis-co-implementation-guidelines.html},
   note = "[Online; accessed 28-July-2016]"
 }


@MISC{Deworm3,
  title={Deworm3},
  journal={Natural History Museum},
  year={2017},
  note="Available at: http://www.nhm.ac.uk/our-science/our-work/sustainability/deworm3.html [Accessed 10th June 2019]"
}

@MISC{WHO,
    title={World Health Organization},
    author={Soil-transmitted helminth infections fact sheet},
    journal={Geneva: World Health Organization},
    url={http://www.who.int/mediacentre/factsheets/fs391/en/},
    year={2017}
}

@article{Wagner,
    author={Wagner B and Polley L},
    title={\textit{Ascaris suum}: seasonal egg development rates in a Saskatchewan pig barn},
    journal={Vet Parasitol},
    year={1999},
    volume={85},
    number={1},
    pages={71--78}
}

@article{Arene,
    author={Arene FOI},
    title={\textit{Ascaris suum}: influence of embryonation temperature on the viability of the infective larva},
    journal={J Therm Biol},
    year={1986},
    volume={11},
    number={1},
    pages={9--15}
}

@article{Kim,
    author={Kim M-K, Pyo K-H, Hwang Y-S, Park KH, Hwang IG, Chai J-Y, Shin E-H},
    title={Effect of temperature on embryonation of \textit{Ascaris suum} eggs in an environmental chamber},
    journal={Korean J Parasitol},
    year={2012},
    volume={50},
    pages={239--242}
}

@article{Boes,
    author={Boes J, Medley GF, Eriksen L, Roepstorff A, Nansen P},
    title={Distribution of \textit{Ascaris suum} in experimentally and naturally infected pigs and comparison with \textit{Ascaris lumbricoides} infections in humans},
    journal={Parasitol},
    year={1998},
    volume={117},
    number={6},
    pages={589--596}
}
  
\@article{Johnson,
    author={Johnson PW, Dixon R, Ross, AD},
    title={An in-vitro test for assessing the viability of \textit{Ascaris suum} eggs exposed to various sewage treatment processes},
    journal={Int J Parasitol},
    year={1998},
    volume={28},
    number={4},
    pages={627--633}
}

@article{Cruz,
    author={Cruz LM, Allanson M, Kwa B, Azizan A, Izurieta R},
    title={Morphological changes of \textit{Ascaris} spp. eggs during their development outside the host},
    journal={J Parasitol},
    year={2012},
    volume={98},
    number={1},
    pages={63--68}
}

@article{Azam,
    author={Azam D, Ukpai OM, Said A, Abd-Allah GA, Morgan ER.},
    title={Temperature and the development and survival of infective Toxocara canis larvae},
    journal={Parasitol Res},
    year={2012},
    volume={110},
    number={2},
    pages={649--656}
}

@article{Nilson,
    author={Nilsson O},
    title={Ascariasis in the pig. An epizootiological and clinical study},
    journal={Acta Vet Scandinavica Suppl},
    year={1981},
    volume={79},
    pages={1--108}
}

@article{OConnor2007,
    author={O’Connor LJ, Kahn LP, Walkden-Brown SW},
    title={The effects of amount, timing and distribution of simulated rainfall on the development of Haemonchus contortus to the infective larval stage},
    journal={Vet Parasitol},
    year={2007},
    volume={146},
    number={1},
    pages={90--101}
}

@article{OConnor2008,
    author={O’Connor LJ, Kahn LP, Walkden-Brown SW},
    title={Interaction between the effects of evaporation rate and amount of simulated rainfall on development of the free-living stages of Haemonchus contortus},
    journal={Vet Parasitol},
    year={2008},
    volume={155},
    number={3},
    pages={223--234}
}

@article{Roepstorff,
    author={Roepstorff A, Murrell KD, Boes J, Petkevi{\v{c}}ius S},
    title={Ecological influences on transmission rates of \textit{Ascaris suum} to pigs on pastures},
    journal={Vet Parasitol},
    year={2001},
    volume={101},
    number={2},
    pages={143--153}
}

@article{Gelpi,
    author={Gelpi AP, Mustafa A},
    title={Seasonal pneumonitis with eosinophilia},
    journal={Am J Trop Med Hyg},
    year={1967},
    month={Sep},
    volume={16},
    number={5},
    pages={646--657}
}

@article{Seo,
    author={Seo BS, Cho SY, Chai JY},
    title={Seasonal fluctuation of \textit{Ascaris} reinfection incidences in a rural Korean population},
    journal={Korean J Parasitol},
    year={1979},
    volume={17},
    number={1},
    pages={11--18}
}


@article{Pan,
    author={Pan C-T, Ritchie LS, Hunter GW},
    title={Reinfection and seasonal fluctuations of \textit{Ascaris lumbricoides} among a group of children in an area where night soil is used},
    journal={J Parasitol},
    year={1954},
    volume={40},
    number={5},
    pages={603--608}
}

@article{Gungoren,
    author={Gungoren B, Latipov R, Regallet G, Musabaev E},
    title={Effect of hygiene promotion on the risk of reinfection rate of intestinal parasites in children in rural Uzbekistan},
    journal={Trans R Soc Trop Med Hyg},
    year={2007},
    volume={101},
    number={6},
    pages={564--569}
}

@article{Gunawardena,
    author={Gunawardena GSA, Karunaweera ND, Ismail MM},
    title={Wet-days: are they better indicators of \textit{Ascaris} infection levels?},
    journal={J Helminthol},
    year={2004},
    volume={78},
    number={4},
    pages={305--310}
}

@article{Sissay,
    author={Sissay MM, Uggla A, Waller PJ},
    title={Epidemiology and seasonal dynamics of sheep in a semi-arid region of eastern Ethiopia},
    journal={Vet Parasitol},
    year={2007},
    volume={143}
    pages={311--321}
}

@article{Morgan,
    author={Morgan ER, Van Dijk J},
    title={Climate and the epidemiology of gastrointestinal infections of sheep in Europe},
    journal={Vet Parasitol},
    year={2012},
    volume={189},
    pages={8--14}
}

@article{Charlier,
    author={Charlier J, Ghebretinsae AH, Levecke B, Ducheyne E, Claerebout E, Vercruysse J}, 
    title={Climate-driven longitudinal trends in pasture-borne helminth infections of dairy cattle},
    journal={Int J Parasitol},
    year={2016},
    volume={46},
    pages={881--888}
}

@article{OConnor2006,
    author={O’Connor LJ, Walkden-Brown SW, Kahn LP},
    title={Ecology of the free-living stages of major trichostrongylid parasites of sheep},
    journal={Vet Parasitol},
    year={2006},
    volume={142},
    pages={1--15}
}

@article{Roberts,
    author={Roberts MG, Grenfell BT},
    title={The population dynamics of nematode infections of ruminants – the effect of seasonality in the free-living stages}, 
    journal={IMA J Math Appl Med Biol.},
    year={1992},
    volume={9},
    pages={29--41}
}

@article{Kao,
    author={Kao RR, Leathwick DM, Roberts MG, Sutherland IA},
    title={Nematode parasites of sheep: a survey of epidemiological parameters and their application in a simple model},
    journal={Parasitol},
    year={2000},
    volume={121},
    pages={85--103}
}

@article{Bolajoko,
    author={Bolajoko MB, Rose H, Musella V, Bosco A, Rinaldi L, Van Dijk J, Crongoli G, Morgan ER}, 
    title={The basic reproduction quotient as a potential spatial predictor of the seasonality of ovine haemonchosis}, 
    journal={Geospat Health},
    year={2015},
    volume={9},
    pages={333--350}
}

@article{Rose,
    author={Rose H, Wang T, Van Dijk J, Morgan ER},
    title={GLOWORM-FL: a simulation model of the effects of climate and climate change on the free-living stages of gastro-intestinal nematode parasites of ruminants}, 
    journal={Ecol Model},
    year={2015},
    volume={297},
    pages={232--245}
}

@article{Charlier2014,
    author={Charlier J, Morgan ER, Rinaldi L, Van Dijk J, Demeler J, Hoglund J, Hertzberg H, Van Ranst B, Hendrickx G, Vercruysse J, Kenyon F},
    title={Practices to optimise gastrointestinal nematode control on sheep, goat and cattle farms in Europe using targeted (selective) treatments},
    journal={Vet Rec},
    year={2014},
    volume={175},
    pages={250--255}
}

@article{Dever,
    author={Dever ML, Kahn LP, Doyle EK},
    title={Integrated parasite management improves control of gastrointestinal nematodes in lamb production systems in a high summer rainfall region, on the Northern Tablelands, New South Wales},
    journal={Anim Prod Sci},
    year={2017},
    volume={57},
    pages={958--968}
}

@article{Cornelius,
    author={Cornelius MP, Jacobson C, Sobson R, Besier RB},
    title={Computer modelling of anthelmintic resistance and worm control outcomes for refugia-based nematode control strategies in Merino ewes in Western Australia},
    journal={Vet Parasitol},
    year={2016},
    volume={220},
    pages={59--66}
}

@article{Learmount,
    author={Learmount J, Taylor MA, Smith G, Morgan C},
    title={A computer model to simulate control of parasitic gastroenteritis in sheep on UK farms},
    journal={Vet Parasitol},
    year={2006},
    volume={142},
    pages={312--329}
}

@article{Verschave,
    author={Verschave SH, Charlier J, Rose H, Claerebout E, Morgan ER},
    title={Cattle and nematodes under climate change: transmission models as an ally},
    journal={Trends Parasitol},
    year={2016},
    volume={32},
    pages={724--738}
}

@article{Larsen,
    author={Larsen MN, Roepstorff A},
    title={Seasonal variation in development and survival of \textit{Ascaris suum} and \textit{Trichuris suis} eggs on pastures},
    journal={Parasitol},
    year={1999},
    volume={119},
    pages={209--220}
}

@article{Churcher,
    author={Churcher TS, Filipe JAN, Bas{\'a}{\~n}ez M-G},
    title={Density dependence and the control of helminth parasites},
    journal={J Anim Ecol},
    year={2006},
    volume={75},
    number={6},
    pages={1313--1320}
}

@MISC{Ktemp,
    title={Weather and climate},
    note="Available at: https://weather-and-climate.com [Accessed: 1st Apr 2017]"
}

@MISC{Ntemp,
    author={Meteoblue},
    title={Osogbo, Osun State, Nigeria},
    note="Available at: https://www.meteoblue.com/en/weather/forecast/modelclimate/osogbo\_nigeria\_2325590 [Accessed: 1st June 2017]"
}

@article{Kirwan,
    author={Kirwan P, Asaolu SO, Molloy SF, Abiona TC, Jackson AL, Holland CV},
    title={Patterns of soil-transmitted helminth infection and impact of four-monthly albendazole treatments in preschool children from semi-urban communities in Nigeria: a double-blind placebo-controlled randomised trial},
    journal={BMC Infect Dis},
    year={2009},
    volume={9},
    number={1}
}

@article{Keiser,
    author={Keiser J, Utzinger J},
    title={Efficacy of current drugs against soil-transmitted helminth infections: Systematic review and meta-analysis}, 
    journal={Jama},
    year={2008},
    volume={299},
    number={16},
    pages={1937--1948}
}

@article{Albonico,
    author={Albonico M, Bickle Q, Haji HJ, Ramsan M, Khatib KJ, Montresor A, Savioli L, Taylor M},
    title={Evaluation of the efficacy of pyrantel-oxantel for the treatment of soil-transmitted nematode infections},
    journal={Trans R Soc Trop Med Hyg}
    year={2002},
    volume={96},
    number={6},
    pages={685–-690}
}

@article{Beaumont,
    author={Beaumont MA},
    title={Approximate Bayesian computation in evolution and ecology},
    journal={Annual review of ecology, evolution, and systematics},
    year={2010},
    volume={41},
    pages={379--406}
}

@article{Chai,
    author={Chai JY, Kim KS, Hong ST, Lee SH, Seo BS},
    title={Prevalence, worm burden and other epidemiological parameters of \textit{Ascaris lumbricoides} infection},
    journal={K J Parasitol},
    year={1985},
    volume={23},
    number={2},
    pages={241--246}
}

@article{Guyatt,
    author={Guyatt HL, Bundy DAP, Medley GF, Grenfell BT},
    title={The relationship between the frequency distribution of \textit{Ascaris lumbricoides} and the prevalence and intensity of infection in human communities},
    journal={Parasitol},
    year={1990},
    volume={101},
    number={1},
    pages={139--143}
}

@article{Vercruysse,
    author={Vercruysse J, Albonico M, Behnke JM, Kotze AC, Prichard RK, McCarthy JS, Montresor A, Levecke B},
    title={Is anthelmintic resistance a concern for the control of human soil-transmitted helminths?},
    journal={Int J Parasitol: Drugs and Drug Resistance},
    year={2011},
    volume={1},
    pages={14--27}
}

@MISC{TempB,
    title={Average weather in Cotonou, Benin},
    note="Available at: https://weatherspark.com/y/47050/Average-Weather-in-Cotonou-Benin-Year-Round [Accessed: 15th Nov 2017]"
}

@MISC{TempV,
    title={Climate: Vellore},
    note="Available at: https://en.climate-data.org/location/2185/ [Accessed 15th November 2017]"
}

@MISC{TempM,
    author={Blantyre: Annual weather averages},
    note="Available at: http://www.holiday-weather.com/blantyre/averages/ [Accessed 15th November 2017]"
}


@MISC{CDCMalaria,
  title={CDC: About Malaria -- Anopheles Mosquitoes},
  author={Centre for Disease Control and Prevention},
  year={2015},
  note="Available at: https://www.cdc.gov/malaria/about/biology/mosquitoes/ [Accessed 20th June 2019]"
}
@article{irvine2015,
  title={Modelling strategies to break transmission of lymphatic filariasis-aggregation, adherence and vector competence greatly alter elimination},
  author={Irvine, MA and Reimer, LJ and Njenga, SM and Gunawardena, S and Kelly-Hope, L and Bockarie, M and Hollingsworth, TD},
  journal={Parasit Vectors},
  volume={8},
  number={1},
  pages={1},
  year={2015},
  publisher={BioMed Central}
}
@MISC{Roadmap,
  title={Accelerating work to overcome the global impact of neglected tropical diseases: A roadmap for implementation},
  author={WHO},
  year={2012}
}

@article{Pullan2014,
    title={Global numbers of infection and disease burden of soil transmitted helminth infections in 2010},
    author={Pullan RL, Smith JL, Jasrasaria R, Brooker SJ},
    journal={Parasit Vectors},
    year={2014},
    volume={7},
    number={37}
}

@book{Addiss2000,
   author = {Addiss, D G and Allen, J E and Gerusa, Dreyer},
   title = {Lymphatic Filariasis},
   publisher = {World Scientific},
   year = {2000},
   type = {Book}
}

@article{Anderson2017,
   author = {Anderson, R and Farrell, S and Turner, H and Walson, J and Donnelly, CA and Truscott, J},
   title = {Assessing the interruption of the transmission of human helminths with mass drug administration alone: Optimizing the design of cluster randomized trials},
   journal = {Parasites \& Vectors},
   volume = {10},
   number = {1},
   pages = {93},
   ISSN = {1756-3305},
   DOI = {10.1186/s13071-017-1979-x},
   url = {https://doi.org/10.1186/s13071-017-1979-x},
   year = {2017},
   type = {Journal Article}
}

@book{Anderson1992,
   author = {Anderson, RM and May, RM},
   title = {Infectious diseases of humans: Dynamics and control},
   publisher = {Oxford University Press},
   ISBN = {019854040X},
   year = {1992},
   type = {Book}
}

@article{Braack2015,
   author = {Braack, L and Hunt, R and Koekemoer, LL and Gericke, A and Munhenga, G and Haddow, AD and Becker, P and Okia, M and Kimera, I and Coetzee, M},
   title = {Biting behaviour of African malaria vectors: 1. where do the main vector species bite on the human body?},
   journal = {Parasites \& Vectors},
   volume = {8},
   ISSN = {1756-3305},
   DOI = {10.1186/s13071-015-0677-9},
   year = {2015},
   type = {Journal Article}
}

@article{Carme1979,
   author = {Carme, B and Laigret, J},
   title = {Longevity of Wuchereria-bancrofti var Pacifica and mosquito infection acquired from a patient with low-level parasitemia},
   journal = {American Journal of Tropical Medicine and Hygiene},
   volume = {28},
   number = {1},
   pages = {53-55},
   ISSN = {0002-9637},
   DOI = {10.4269/ajtmh.1979.28.53},
   year = {1979},
   type = {Journal Article}
}

@article{Cornell2004_Ultimate,
   author = {Cornell, SJ and Isham, VS},
   title = {Ultimate extinction of the promiscuous bisexual Galton-Watson},
   journal = {Australian \& New Zealand Journal of Statistics},
   volume = {46},
   number = {1},
   pages = {87-98},
   ISSN = {1369-1473},
   DOI = {10.1111/j.1467-842X.2004.00315.x},
   year = {2004},
   type = {Journal Article}
}

@article{Cornell2004_Stochastic,
   author = {Cornell, SJ and Isham, VS and Grenfell, BT},
   title = {Stochastic and spatial dynamics of nematode parasites in farmed ruminants},
   journal = {Proceedings of the Royal Society B-Biological Sciences},
   volume = {271},
   number = {1545},
   pages = {1243-1250},
   ISSN = {0962-8452},
   DOI = {10.1098/rspb.2004.2744},
   year = {2004},
   type = {Journal Article}
}

@article{Davis2018,
   author = {Davis, EL and Danon, L and Prada, JM and Gunawardena, SA and Truscott, JE and Vlaminck, J and Anderson, RM and Levecke, B and Morgan, ER and Hollingsworth, TD},
   title = {Seasonally timed treatment programs for Ascaris lumbricoides to increase impact -- An investigation using mathematical models},
   journal = {PLoS neglected tropical diseases},
   volume = {12},
   number = {1},
   pages = {e0006195},
   ISSN = {1935-2735},
   year = {2018},
   type = {Journal Article}
}

@article{deMeillon1997,
   author = {de Meillon, B and Hayashi, S and Sebastian, A},
   title = {Infection and reinfection of Culex pipiens fatigans with Wuchereria bancrofti and the loss of mature larvae in blood-feeding},
   journal = {Bulletin of the World Health Organization},
   volume = {36},
   number = {1},
   pages = {81},
   year = {1997},
   type = {Journal Article}
}

@article{DeJian2013,
   author = {De-jian, S and Xu-li, D and Ji-hui, D},
   title = {The history of the elimination of lymphatic filariasis in China},
   journal = {Infectious diseases of poverty},
   volume = {2},
   number = {1},
   pages = {30},
   ISSN = {2049-9957},
   year = {2013},
   type = {Journal Article}
}


@article{Ewert1967,
   author = {Ewert, A and Ho, BC},
   title = {The fate of Brugia pahangi larvae immediately after feeding by infective vector mosquitoes},
   journal = {Transactions of the Royal Society of Tropical Medicine and Hygiene},
   volume = {61},
   number = {5},
   pages = {659-662},
   year = {1967},
   type = {Journal Article}
}

@article{Fowler2016,
   author = {Fowler, AC and Hollingsworth, TD},
   title = {The Dynamics of Ascaris lumbricoides Infections},
   journal = {Bulletin of Mathematical Biology},
   volume = {78},
   number = {4},
   pages = {815-833},
   ISSN = {0092-8240},
   DOI = {10.1007/s11538-016-0164-2},
   year = {2016},
   type = {Journal Article}
}

@article{Gambhir2010,
   author = {Gambhir, M and Bockarie, M and Tisch, D and Kazura, J and Remais, J and Spear, R and Michael, E},
   title = {Geographic and ecologic heterogeneity in elimination thresholds for the major vector-borne helminthic disease, lymphatic filariasis},
   journal = {BMC biology},
   volume = {8},
   number = {1},
   pages = {22},
   ISSN = {1741-7007},
   year = {2010},
   type = {Journal Article}
}

@article{Gary2001,
   author = {Gary, RE and Foster, WA},
   title = {Effects of available sugar on the reproductive fitness and vectorial capacity of the malaria vector Anopheles gambiae (Diptera : Culicidae)},
   journal = {Journal of Medical Entomology},
   volume = {38},
   number = {1},
   pages = {22-28},
   ISSN = {0022-2585},
   DOI = {10.1603/0022-2585-38.1.22},
   year = {2001},
   type = {Journal Article}
}

@article{Hairston1968,
   author = {Hairston, NG and de Meillon, B},
   title = {On the inefficiency of transmission of Wuchereria bancrofti from mosquito to human host},
   journal = {Bulletin of the World Health Organization},
   volume = {38},
   number = {6},
   pages = {935},
   year = {1968},
   type = {Journal Article}
}

@article{Ho1967,
   author = {Ho, BC and Ewert, A},
   title = {Experimental transmission of filarial larvae in relation to feeding behaviour of the mosquito vectors},
   journal = {Transactions of the Royal Society of Tropical Medicine and Hygiene},
   volume = {61},
   number = {5},
   year = {1967},
   type = {Journal Article}
}

@article{Hollingsworth2015,
   author = {Hollingsworth, TD and Adams, ER and Anderson, RM and Atkins, K and Bartsch, S and Basáñez, M-G and Behrend, M and Blok, DJ and Chapman, LAC and Coffeng, L},
   title = {Quantitative analyses and modelling to support achievement of the 2020 goals for nine neglected tropical diseases},
   journal = {Parasites \& Vectors},
   volume = {8},
   number = {1},
   pages = {630},
   ISSN = {1756-3305},
   year = {2015},
   type = {Journal Article}
}


@article{Irvine2017_Mosquitobite,
   author = {Irvine, MA and Kazura, JW and Hollingsworth, D and Reimer, L},
   title = {Mosquito bite heterogeneity influences lymphatic filariasis prevalence, intensity and opportunities for control},
   journal = {American Journal of Tropical Medicine and Hygiene},
   volume = {95},
   number = {5},
   pages = {346-346},
   ISSN = {0002-9637},
   year = {2017},
   type = {Journal Article}
}

@article{Irvine2018,
   author = {Irvine, MA and Kazura, JW and Hollingsworth, TD and Reimer, LJ},
   title = {Understanding heterogeneities in mosquito-bite exposure and infection distributions for the elimination of lymphatic filariasis},
   journal = {Proceedings of the Royal Society B -- Biological Sciences},
   volume = {285},
   number = {1871},
   ISSN = {0962-8452},
   DOI = {10.1098/rspb.2017.2253},
   year = {2018},
   type = {Journal Article}
}

@article{Irvine2017_Tripledrug,
   author = {Irvine, MA and Stolk, WA and Smith, ME and Subramanian, S and Singh, BK and Weil, GJ and Michael, E and Hollingsworth, TD},
   title = {Effectiveness of a triple-drug regimen for global elimination of lymphatic filariasis: A modelling study},
   journal = {The Lancet Infectious Diseases},
   volume = {17},
   number = {4},
   pages = {451-458},
   ISSN = {1473-3099},
   year = {2017},
   type = {Journal Article}
}

@article{Jones2014,
   author = {Jones, RT},
   title = {Non-endemic cases of lymphatic filariasis},
   journal = {Tropical Medicine & International Health},
   volume = {19},
   number = {11},
   pages = {1377-1383},
   ISSN = {1360-2276},
   DOI = {10.1111/tmi.12376},
   year = {2014},
   type = {Journal Article}
}

@article{Killeen2000,
   author = {Killeen, GF and McKenzie, FE and Foy, BD and Schieffelin, C and Billingsley, PF and Beier, JC},
   title = {A simplified model for predicting malaria entomologic inoculation rates based on entomologic and parasitologic parameters relevant to control},
   journal = {American Journal of Tropical Medicine and Hygiene},
   volume = {62},
   number = {5},
   pages = {535-544},
   ISSN = {0002-9637},
   DOI = {10.4269/ajtmh.2000.62.535},
   year = {2000},
   type = {Journal Article}
}

@article{Feachem2008,
  title={A new global malaria eradication strategy},
  author={Feachem, R and Sabot, O},
  journal={The Lancet},
  volume={371},
  number={9624},
  pages={1633--1635},
  year={2008},
  publisher={Elsevier}
}

@article{Morens2011,
  title={Global rinderpest eradication: Lessons learned and why humans should celebrate too},
  author={Morens, DM and Holmes, EC and Davis, AS and Taubenberger, JK},
  journal={Journal of Infectious Diseases},
  volume={204},
  number={4},
  pages={502--505},
  year={2011},
  publisher={Oxford University Press}
}

@article{Klepac2015,
   author = {Klepac, P and Funk, S and Hollingsworth, TD and Metcalf, CJE and Hampson, K},
   title = {Six challenges in the eradication of infectious diseases},
   journal = {Epidemics},
   volume = {10},
   pages = {97-101},
   ISSN = {1755-4365},
   DOI = {10.1016/j.epidem.2014.12.001},
   year = {2015},
   type = {Journal Article}
}

@article{Lipner2007,
   author = {Lipner, EM and Law, MA and Barnett, E and Keystone, JS and von Sonnenburg, F and Loutan, L and Prevots, DR and Klion, AD and Nutman, TB and Network, GeoSentinel Surveillance and Network, GeoSentinel Surveillance},
   title = {Filariasis in Travelers Presenting to the GeoSentinel Surveillance Network},
   journal = {Plos Neglected Tropical Diseases},
   volume = {1},
   number = {3},
   ISSN = {1935-2735},
   DOI = {10.1371/journal.pntd.0000088},
   year = {2007},
   type = {Journal Article}
}

@article{Michael2016,
   author = {Michael, E and Singh, BK},
   title = {Heterogeneous dynamics, robustness/fragility trade-offs, and the eradication of the macroparasitic disease, lymphatic filariasis},
   journal = {BMC Medicine},
   volume = {14},
   ISSN = {1741-7015},
   DOI = {10.1186/s12916-016-0557-y},
   year = {2016},
   type = {Journal Article}
}

@article{Michael2017,
   author = {Michael, E and Singh, BK and Mayala, BK and Smith, ME and Hampton, S and Nabrzyski, J},
   title = {Continental-scale, data-driven predictive assessment of eliminating the vector-borne disease, lymphatic filariasis, in sub-Saharan Africa by 2020},
   journal = {BMC medicine},
   volume = {15},
   number = {1},
   pages = {176},
   ISSN = {1741-7015},
   year = {2017},
   type = {Journal Article}
}

@article{Michael2018,
   author = {Michael, E and Smith, ME and Katabarwa, MN and Byamukama, E and Grisworld, E and Habomugisha, P and Lakwo, T and Tukahebwa, E and Miri, ES and Eigege, A},
   title = {Substantiating freedom from parasitic infection by combining transmission model predictions with disease surveys},
   journal = {Nature communications},
   volume = {9},
   number = {1},
   pages = {4324},
   ISSN = {2041-1723},
   year = {2018},
   type = {Journal Article}
}

@article{Minetti2019,
   author = {Minetti, C and Tettevi, EJ and Mechan, F and Prada, JM and Idun, B and Biritwum, NK and Osei-Atweneboana, MY and Reimer, LJ},
   title = {Elimination within reach: A cross-sectional study highlighting the factors that contribute to persistent lymphatic filariasis in eight communities in rural Ghana},
   journal = {Plos Neglected Tropical Diseases},
   volume = {13},
   number = {1},
   ISSN = {1935-2735},
   DOI = {10.1371/journal.pntd.0006994},
   year = {2019},
   type = {Journal Article}
}

@article{Prada2019,
  title={Elimination or resurgence: Modelling lymphatic filariasis after reaching the 1\% microfilaremia prevalence threshold},
  author={Prada, JM and Davis, EL and Touloupou, P and Stolk, WA and Kontoroupis, P and Smith, ME and Sharma, S and Michael, E and de Vlas, SJ and Hollingsworth, TD},
  journal={The Journal of Infectious Diseases},
  year={2019}
}

@article{Reimer2013_insecticidal,
   author = {Reimer, LJ and Thomsen, EK and Tisch, DJ and Henry-Halldin, CN and Zimmerman, PA and Baea, ME and Dagoro, H and Susapu, M and Hetzel, MW and Bockarie, MJ and Michael, E and Siba, PM and Kazura, JW},
   title = {Insecticidal Bed Nets and Filariasis Transmission in Papua New Guinea},
   journal = {New England Journal of Medicine},
   volume = {369},
   number = {8},
   pages = {745-753},
   ISSN = {0028-4793},
   DOI = {10.1056/NEJMoa1207594},
   year = {2013},
   type = {Journal Article}
}

@article{Singh2015,
   author = {Singh, BK and Michael, E},
   title = {Bayesian calibration of simulation models for supporting management of the elimination of the macroparasitic disease, lymphatic filariasis},
   journal = {Parasites \& Vectors},
   volume = {8},
   number = {1},
   pages = {522},
   ISSN = {1756-3305},
   year = {2015},
   type = {Journal Article}
}

@techreport{Breman1980,
  title={The confirmation and maintenance of smallpox eradication},
  author={Breman, JG and Arita, I and Unit, Smallpox Eradication and World Health Organization and others},
  year={1980},
  institution={Geneva, Switzerland: World Health Organization}
}

@book{Hopkins2002,
  title={The greatest killer: Smallpox in history},
  author={Hopkins, DR},
  volume={793},
  year={2002},
  publisher={University of Chicago Press}
}

@article{Stolk2006,
   author = {Stolk, WA and Sharafi, R and Meijerink, H and Habbema, JDF},
   title = {Diagnosis of lymphatic filariasis infection: How many people have adult worms?},
   journal = {American Journal of Tropical Medicine and Hygiene},
   volume = {75},
   number = {5},
   pages = {102-102},
   ISSN = {0002-9637},
   year = {2006},
   type = {Journal Article}
}

@article{Stolk2005,
   author = {Stolk, W},
   title = {Lymphatic filariasis: Transmission, treatment and elimination},
   journal = {Journal of Hospital Infection},
   year = {2005},
   type = {Journal Article}
}

@article{Stone2014,
   author = {Stone, CM and Lindsay, SW and Chitnis, N},
   title = {How Effective is Integrated Vector Management Against Malaria and Lymphatic Filariasis Where the Diseases Are Transmitted by the Same Vector?},
   journal = {Plos Neglected Tropical Diseases},
   volume = {8},
   number = {12},
   ISSN = {1935-2735},
   DOI = {10.1371/journal.pntd.0003393},
   year = {2014},
   type = {Journal Article}
}

@article{Subramanian1998,
   author = {Subramanian, S and Krishnamoorthy, K and Ramaiah, KD and Habbema, JDF and Das, PK and Plaisier, AP},
   title = {The relationship between microfilarial load in the human host and uptake and development of Wuchereria bancrofti microfilariae by Culex quinquefasciatus: a study under natural conditions},
   journal = {Parasitology},
   volume = {116},
   pages = {243-255},
   ISSN = {0031-1820},
   DOI = {10.1017/S0031182097002254},
   year = {1998},
   type = {Journal Article}
}

@article{Subramanian2004,
   author = {Subramanian, S and Stolk, WA and Ramaiah, KD and Plaisier, AP and Krishnamoorthy, K and Van Oortmarssen, GJ and Amalraj, DD and Habbema, JDF and Das, PK},
   title = {The dynamics of Wuchereria bancrofti infection: a model-based analysis of longitudinal data from Pondicherry, India},
   journal = {Parasitology},
   volume = {128},
   pages = {467-482},
   ISSN = {0031-1820},
   DOI = {10.1017/S0031182004004822},
   year = {2004},
   type = {Journal Article}
}

@article{Thomsen2017,
   author = {Thomsen, EK and Koimbu, G and Pulford, J and Jamea-Maiasa, S and Ura, Y and Keven, JB and Siba, PM and Mueller, I and Hetzel, MW and Reimer, LJ},
   title = {Mosquito Behavior Change After Distribution of Bednets Results in Decreased Protection Against Malaria Exposure},
   journal = {Journal of Infectious Diseases},
   volume = {215},
   number = {5},
   pages = {790-797},
   ISSN = {0022-1899},
   DOI = {10.1093/infdis/jiw615},
   year = {2017},
   type = {Journal Article}
}

@article{Truscott2017,
   author = {Truscott, JE and Werkman, M and Wright, JE and Farrell, SH and Sarkar, R and Asbjornsdottir, K and Anderson, RM},
   title = {Identifying optimal threshold statistics for elimination of hookworm using a stochastic simulation model},
   journal = {Parasites \& Vectors},
   volume = {10},
   ISSN = {1756-3305},
   DOI = {10.1186/s13071-017-2256-8},
   year = {2017},
   type = {Journal Article}
}

@article{Dietz2000bernoulli,
  title={Bernoulli was ahead of modern epidemiology},
  author={Dietz, K and Heesterbeek, JAP},
  journal={Nature},
  volume={408},
  number={6812},
  pages={513},
  year={2000},
  publisher={Nature publishing group}
}

@article{Vanamail1996,
   author = {Vanamail, P and Ramaiah, KD and Pani, SP and Das, PK and Grenfell, BT and Bundy, DAP},
   title = {Estimation of the fecund life span of Wuchereria bancrofti in an endemic area},
   journal = {Transactions of the Royal Society of Tropical Medicine and Hygiene},
   volume = {90},
   number = {2},
   pages = {119-121},
   ISSN = {0035-9203},
   DOI = {10.1016/S0035-9203(96)90106-6},
   year = {1996},
   type = {Journal Article}
}

@article{NTDMC2019,
  title={The roadmap towards elimination of lymphatic filariasis by 2030: insights from quantitative and mathematical modelling},
  author={Group, NTD Modelling Consortium Lymphatic Filariasis},
  journal={Gates Open Research},
  volume={3},
  year={2019},
  publisher={Gates Foundation-Open Access},
  note = "[3 reviewed; 3 approved]"
}

@article{Watson1875,
   author = {Watson, HW and Galton, F},
   title = {On the probability of the extinction of families},
   journal = {The Journal of the Anthropological Institute of Great Britain and Ireland},
   volume = {4},
   pages = {138-144},
   ISSN = {0959-5295},
   year = {1875},
   type = {Journal Article}
}

@article{White2011,
   author = {White, MT and Griffin, JT and Churcher, TS and Ferguson, NM and Basanez, MG and Ghani, AC},
   title = {Modelling the impact of vector control interventions on Anopheles gambiae population dynamics},
   journal = {Parasites \& Vectors},
   volume = {4},
   ISSN = {1756-3305},
   DOI = {10.1186/1756-3305-4-153},
   year = {2011},
   type = {Journal Article}
}

@article{Won2018,
   author = {Won, KY and Sambou, S and Barry, A and Robinson, K and Jaye, M and Sanneh, B and Sanyang, A and Gass, K and Lammie, PJ and Rebollo, M},
   title = {Use of antibody tools to provide serologic evidence of elimination of lymphatic filariasis in The Gambia},
   journal = {The American Journal of Tropical Medicine and Hygiene},
   volume = {98},
   number = {1},
   pages = {15-20},
   ISSN = {0002-9637},
   year = {2018},
   type = {Journal Article}
}

@article{WHO2016,
   author = {World Health Organization},
   title = {Strengthening the assessment of lymphatic filariasis transmission and documenting the achievement of elimination},
   ISSN = {9241508795},
   year = {2016},
   type = {Journal Article}
}

@MISC{WHO2019_FactSheet,
    author={World Health Organization.},
    title={Fact Sheet – Lymphatic filariasis.},
    note="Available at: https://www.who.int/news-room/fact-sheets/detail/lymphatic-filariasis [Accessed: 21st June 2019]"
}

@MISC{WHO2017_GPELF,
    author={World Health Organization.},
    title={Global program to eliminate lymphatic filariasis: progress report.},
    note="Available at: https://www.who.int/lymphatic\_filariasis/resources/who\_wer9344/en/ [Accessed: 21st June 2019]"
}

@MISC{WHO2017_Validation,
    author={World Health Organization.},
    title={Validation of elimination of lymphatic filariasis as a public health problem.},
    note="Available at: https://www.who.int/lymphatic\_filariasis/resources/9789241511957/en/ [Accessed: 1st March 2019]"
}

@MISC{WHO2017_Alternatives,
    author={World Health Organization.},
    title={Guideline -- Alternative mass drug administration regimens to eliminate lymphatic filariasis.},
    note="Available at: https://www.who.int/lymphatic\_filariasis/resources/9789241550161/en/ [Accessed: 1st March 2019]"
}


@article{Xu2019,
   author = {Xu, Z and Graves, PM and Lau, CL and Clements, A and Geard, N and Glass, K},
   title = {GEOFIL: A spatially-explicit agent-based modelling framework for predicting the long-term transmission dynamics of lymphatic filariasis in American Samoa},
   journal = {Epidemics},
   volume = {27},
   pages = {19-27},
   ISSN = {1755-4365},
   year = {2019},
   type = {Journal Article}
}

@article{Anderson2014,
  title={The coverage and frequency of mass drug administration required to eliminate persistent transmission of soil-transmitted helminths},
  author={Anderson, RM and Truscott, J and Hollingsworth, TD},
  journal={Philosophical Transactions of the Royal Society B: Biological Sciences},
  volume={369},
  number={1645},
  pages={20130435},
  year={2014},
  publisher={The Royal Society}
}

@misc{WHOLF,
  author = {World Health Organization.},
  title = {{Lymphatic Filariasis: Key Facts.}},
  year = {2019}, 
  note="Available at: https://www.who.int/news-room/fact-sheets/detail/lymphatic-filariasis [Accessed: 10th July 2019]"
}

@MISC{WHOWER,
  title={Global programme to eliminate lymphatic filariasis: Progress report, 2017},
  author={WHO and Department of Control of Neglected Tropical Diseases},
  year={2018},
  number={44},
  volume={93},
  pages={589-602},
  journal={Weekly Epidemiological Record}
}


@MISC{Davis2019_MathsToday,
  title={Is there a worm on that branch? Predicting the extinction of filarial worm infections.},
  author={Davis, EL and Reimer, LJ and Hollingsworth, TD},
  year={12th Oct 2019},
  journal={Mathematics Today}
  publisher={IMA}
}

@article{Davis2019,
  title={Evaluating the evidence for lymphatic filariasis elimination},
  author={Davis, EL and Reimer, LJ and Pellis, L and Hollingsworth, TD},
  journal={Trends in Parasitology},
  year={2019},
  publisher={Elsevier}
}

@article{Smith2012,
  title={Ross, Macdonald, and a theory for the dynamics and control of mosquito-transmitted pathogens},
  author={Smith, DL and Battle, KE and Hay, SI and Barker, CM and Scott, TW and McKenzie, FE},
  journal={PLoS Pathogens},
  volume={8},
  number={4},
  pages={e1002588},
  year={2012},
  publisher={Public Library of Science}
}

@article{Bellan2010,
  title={The importance of age dependent mortality and the extrinsic incubation period in models of mosquito-borne disease transmission and control},
  author={Bellan, SE},
  journal={PLoS One},
  volume={5},
  number={4},
  pages={e10165},
  year={2010},
  publisher={Public Library of Science}
}

@article{Christiansen2015,
  title={Modelling Anopheles gambiae ss. population dynamics with temperature-and age-dependent survival},
  author={Christiansen-Jucht, C and Erguler, K and Shek, C and Basanez, M-G and Parham, P},
  journal={International Journal of Environmental Research and Public Health},
  volume={12},
  number={6},
  pages={5975--6005},
  year={2015},
  publisher={Multidisciplinary Digital Publishing Institute}
}


@article{de2013,
  title={The history of the elimination of lymphatic filariasis in China},
  author={De-jian, S and Xu-li, D and Ji-hui, D},
  journal={Infect Dis Poverty},
  volume={2},
  number={1},
  pages={1},
  year={2013},
  publisher={BioMed Central}
}
@article{cheun2009,
  title={Elimination of lymphatic filariasis in the Republic of Korea: an epidemiological survey of formerly endemic areas, 2002--2006},
  author={Cheun, H-I and Lee, J-S and Cho, S-H and Kong, Y and Kim, T-S},
  journal={Trop Med Int Health},
  volume={14},
  number={4},
  pages={445--449},
  year={2009},
  publisher={Wiley Online Library}
}

@article{richards2013,
  title={Community-wide distribution of long-lasting insecticidal nets can halt transmission of lymphatic filariasis in southeastern Nigeria},
  author={Richards, FO and Emukah, E and Graves, PM and Nkwocha, O and Nwankwo, L and Rakers, L and Mosher, A and Patterson, A and Ozaki, M and Nwoke, BEB},
  journal={Am J Trop Med Hyg},
  volume={89},
  number={3},
  pages={578--587},
  year={2013},
  publisher={ASTMH}
}

@inproceedings{piessens1987,
  title={Regulation of immune responses in lymphatic filariasis},
  author={Piessens, WF and Wadee, AA and Kurniawan, L},
  booktitle={Ciba Foundation symposium},
  volume={127},
  pages={164--79},
  year={1987}
}
@article{koudou2014,
  title={Elimination of lymphatic filariasis: The endgame and challenges for meeting the 2020 target},
  author={Koudou, B},
  journal={Int J of Infect Dis},
  volume={21},
  pages={42},
  year={2014},
  publisher={Elsevier}
}
@article{bogh1998,
  title={Permethrin-impregnated bednet effects on resting and feeding behaviour of lymphatic filariasis vector mosquitoes in Kenya},
  author={B{\o}gh, C and Pedersen, EM and Mukoko, DA and Ouma, JH},
  journal={Med Vet Entomol},
  volume={12},
  number={1},
  pages={52--59},
  year={1998},
  publisher={Wiley Online Library}
}
@article{taylor2010,
  title={Lymphatic filariasis and onchocerciasis},
  author={Taylor, MJ and Hoerauf, A and Bockarie, M},
  journal={Lancet},
  volume={376},
  number={9747},
  pages={1175--1185},
  year={2010},
  publisher={Elsevier}
}
@article{erickson2009,
  title={Mosquito infection responses to developing filarial worms},
  author={Erickson, SM and Xi, Z and Mayhew, GF and Ramirez, JL and Aliota, MT and Christensen, BM and Dimopoulos, G},
  journal={PLoS Negl Trop Dis},
  volume={3},
  number={10},
  year={2009},
  publisher={Public Library of Science}
}
@article{korgaonkar2012,
  title={Mosquito biting activity on humans \& detection of Plasmodium falciparum infection in Anopheles stephensi in Goa, India},
  author={Korgaonkar, NS and Kumar, A and Yadav, RS and Kabadi, D and Dash, AP and others},
  journal={Indian J Med Res},
  volume={135},
  number={1},
  pages={120},
  year={2012},
  publisher={Medknow Publications}
}
@article{killeen2007,
  title={Preventing childhood malaria in Africa by protecting adults from mosquitoes with insecticide-treated nets},
  author={Killeen, GF and Smith, TA and Ferguson, HM and Mshinda, H and Abdulla, S and Lengeler, C and Kachur, SP},
  journal={PLoS Med},
  volume={4},
  number={7},
  year={2007},
  publisher={Public Library of Science}
}
@article{killeen2016,
  title={Most outdoor malaria transmission by behaviourally-resistant Anopheles arabiensis is mediated by mosquitoes that have previously been inside houses},
  author={Killeen, GF and Govella, NJ and Lwetoijera, DW and Okumu, FO},
  journal={Malar J},
  volume={15},
  number={1},
  pages={1},
  year={2016},
  publisher={BioMed Central}
}
@article{le2007,
  title={An elaborated feeding cycle model for reductions in vectorial capacity of night-biting mosquitoes by insecticide-treated nets},
  author={Le Menach, A and Takala, S and McKenzie, FE and Perisse, A and Harris, A and Flahault, A and Smith, DL},
  journal={Malar J},
  volume={6},
  number={1},
  pages={1},
  year={2007},
  publisher={BioMed Central}
}
@article{griffin2010,
  title={Reducing Plasmodium falciparum malaria transmission in Africa: a model-based evaluation of intervention strategies},
  author={Griffin, JT and Hollingsworth, TD and Okell, LC and Churcher, TS and White, M and Hinsley, W and Bousema, T and Drakeley, CJ and Ferguson, NM and Bas{\'a}{\~n}ez, M-G and others},
  journal={PLoS Med},
  volume={7},
  number={8},
  year={2010},
  publisher={Public Library of Science}
}


@article{quinones1997,
  title={Anopheles gambiae gonotrophic cycle duration, biting and exiting behaviour unaffected by permethrin-impregnated bednets in The Gambia},
  author={Quinones, ML and Lines, JD and Thomson, MC and Jawara, M and Morris, J and Greenwood, BM},
  journal={Med Vet Entomol},
  volume={11},
  number={1},
  pages={71--78},
  year={1997},
  publisher={Wiley Online Library}
}
@article{gambhir2008,
  title={Complex ecological dynamics and eradicability of the vector borne macroparasitic disease, lymphatic filariasis},
  author={Gambhir, M and Michael, E},
  journal={PLoS One},
  volume={3},
  number={8},
  pages={e2874},
  year={2008},
  publisher={Public Library of Science}
}
@article{knight1980,
  title={Current status of filarial infections in The Gambia},
  author={Knight, R},
  journal={Annals Trop Med Parasitol},
  volume={74},
  number={1},
  pages={63--68},
  year={1980},
  publisher={Taylor \& Francis}
}
@article{kweka2011,
  title={Durability associated efficacy of long-lasting insecticidal nets after five years of household use},
  author={Kweka, EJ and Himeidan, YE and Mahande, AM and Mwang'onde, BJ and Msangi, S and Mahande, MJ and Mazigo, HD and Nyindo, M},
  journal={Parasit Vectors},
  volume={4},
  number={1},
  pages={1},
  year={2011},
  publisher={BioMed Central}
}

@article{Lotka1923,
  title={Contribution to the analysis of malaria epidemiology. IV. Incubation lag},
  author={Lotka, AJ and Sharpe, FR},
  journal={American Journal of Epidemiology},
  volume={3},
  number={supp1},
  pages={96--112},
  year={1923},
  publisher={Oxford University Press}
}

@article{Macdonald1957,
  title={The epidemiology and control of malaria.},
  author={Macdonald, G and others},
  journal={The Epidemiology and Control of Malaria.},
  year={1957},
  publisher={Oxford University Press}
}

@article{Dye1992,
  title={The analysis of parasite transmission by bloodsucking insects},
  author={Dye, C},
  journal={Annual Review of Entomology},
  volume={37},
  number={1},
  pages={1--19},
  year={1992},
  publisher={Annual Reviews 4139 El Camino Way, PO Box 10139, Palo Alto, CA 94303-0139, USA}
}

@article{Morrison2008,
  title={Defining challenges and proposing solutions for control of the virus vector Aedes aegypti},
  author={Morrison, AC and Zielinski-Gutierrez, E and Scott, TW and Rosenberg, R},
  journal={PLoS >edicine},
  volume={5},
  number={3},
  pages={e68},
  year={2008},
  publisher={Public Library of Science}
}

@article{Watson2005,
  title={Environmental health implications of global climate change},
  author={Watson, RT and Patz, J and Gubler, DJ and Parson, EA and Vincent, JH},
  journal={Journal of Environmental Monitoring},
  volume={7},
  number={9},
  pages={834--843},
  year={2005},
  publisher={Royal Society of Chemistry}
}

@book{Ross1908,
  title={Report on the Prevention of Malaria in Mauritius},
  author={Ross, R},
  year={1908},
  publisher={Waterlow}
}

@misc{Ross1911,
  title={Some quantitative studies in epidemiology},
  author={Ross, R},
  year={1911},
  journal={Nature Publishing Group}
}

@book{Ross1905,
  title={The logical basis of the sanitary policy of mosquito reduction},
  author={Ross, R},
  year={1905}
}

@article{Norman2000_epifil,
  title={EPIFIL: The development of an age-structured model for describing the transmission dynamics and control of lymphatic filariasis},
  author={Norman, RA and Chan, Man-Suen and Srividya, A and Pani, SP and Ramaiah, Kapa D and Vanamail, Perumal and Michael, Edwin and Das, Pradeep K and Bundy, Don AP},
  journal={Epidemiology \& Infection},
  volume={124},
  number={3},
  pages={529--541},
  year={2000},
  publisher={Cambridge University Press}
}

@article{Chan1998,
  title={Epifil: A dynamic model of infection and disease in lymphatic filariasis.},
  author={Chan, M-S and Srividya, A and Norman, RA and Pani, SP and Ramaiah, KD and Vanamail, P and Michael, E and Das, PK and Bundy, DA},
  journal={The American Journal of Tropical Medicine and Hygiene},
  volume={59},
  number={4},
  pages={606--614},
  year={1998},
  publisher={ASTMH}
}

@article{Plaisier1998,
  title={The LYMFASIM simulation program for modeling lymphatic filariasis and its control},
  author={Plaisier, AP and Subramanian, S and Das, PK and Souza, W and Lapa, T and Furtado, AF and Van der Ploeg, CPB and Habbema, JDF and Van Oortmarssen, GJ},
  journal={Methods of Information in Medicine},
  volume={37},
  number={01},
  pages={97--108},
  year={1998},
  publisher={Schattauer GmbH}
}

@article{Rochet1990,
  title={A simple deterministic model for bancroftian filariasis transmission dynamics.},
  author={Rochet, MJ},
  journal={Tropical Medicine and Parasitology},
  volume={41},
  number={3},
  pages={225--233},
  year={1990}
}

@article{Rock2015,
  title={Age-and bite-structured models for vector-borne diseases},
  author={Rock, KS and Wood, DA and Keeling, MJ},
  journal={Epidemics},
  volume={12},
  pages={20--29},
  year={2015},
  publisher={Elsevier}
}

@article{Hethcote1985,
  title={Stability of the endemic equilibrium in epidemic models with subpopulations},
  author={Hethcote, HW and Thieme, HR},
  journal={Mathematical Biosciences},
  volume={75},
  number={2},
  pages={205--227},
  year={1985},
  publisher={Elsevier}
}

@techreport{Geisse2012,
  title={Effects of natural acquired immunity in an age-structured malaria model},
  author={Geisse, KV and Butler, EJM and Cordovez, JM},
  year={2012},
  institution={Technical report, July}
}

@article{Hancock2007,
  title={Application of the lumped age-class technique to studying the dynamics of malaria-mosquito-human interactions},
  author={Hancock, PA and Godfray, HCJ},
  journal={Malaria Journal},
  volume={6},
  number={1},
  pages={98},
  year={2007},
  publisher={BioMed Central}
}

@article{Read2009,
  title={How to make evolution-proof insecticides for malaria control},
  author={Read, AF and Lynch, PA and Thomas, MB},
  journal={PLoS Biology},
  volume={7},
  number={4},
  pages={e1000058},
  year={2009},
  publisher={Public Library of Science}
}

@article{Ngufor2011,
  title={Combining indoor residual spraying with chlorfenapyr and long-lasting insecticidal bed nets for improved control of pyrethroid-resistant Anopheles gambiae: an experimental hut trial in Benin},
  author={Ngufor, C and N'Guessan, R and Boko, P and Odjo, A and Vigninou, E and Asidi, A and Akogbeto, M and Rowland, M},
  journal={Malaria Journal},
  volume={10},
  number={1},
  pages={343},
  year={2011},
  publisher={BioMed Central}
}

@article{Kroeger1995,
  title={The potential for malaria control with the biological larvicide Bacillus thuringiensis israelensis (Bti) in Peru and Ecuador},
  author={Kroeger, A and Horstick, O and Riedl, C and Kaiser, A and Becker, N},
  journal={Acta Tropica},
  volume={60},
  number={1},
  pages={47--57},
  year={1995},
  publisher={Elsevier}
}

@article{Kilama2014,
  title={Estimating the annual entomological inoculation rate for Plasmodium falciparum transmitted by Anopheles gambiae sl using three sampling methods in three sites in Uganda},
  author={Kilama, M and Smith, DL and Hutchinson, R and Kigozi, R and Yeka, A and Lavoy, G and Kamya, MR and Staedke, SG and Donnelly, MJ and Drakeley, C and others},
  journal={Malaria Journal},
  volume={13},
  number={1},
  pages={111},
  year={2014},
  publisher={BioMed Central}
}

@article{Smith2010,
  title={A quantitative analysis of transmission efficiency versus intensity for malaria},
  author={Smith, DL and Drakeley, CJ and Chiyaka, C and Hay, SI},
  journal={Nature Communications},
  volume={1},
  pages={108},
  year={2010},
  publisher={Nature Publishing Group}
}

@article{Ryan2015,
  title={Malaria control and senescence: the importance of accounting for the pace and shape of aging in wild mosquitoes},
  author={Ryan, SJ and Ben-Horin, T and Johnson, LR},
  journal={Ecosphere},
  volume={6},
  number={9},
  pages={1--13},
  year={2015},
  publisher={Wiley Online Library}
}

@article{Fornadel2010,
  title={Analysis of Anopheles arabiensis blood feeding behavior in southern Zambia during the two years after introduction of insecticide-treated bed nets},
  author={Fornadel, CM and Norris, LC and Glass, GE and Norris, DE},
  journal={The American Journal of Tropical Medicine and Hygiene},
  volume={83},
  number={4},
  pages={848--853},
  year={2010},
  publisher={ASTMH}
}

@article{Weill2003,
  title={Comparative genomics: Insecticide resistance in mosquito vectors},
  author={Weill, M and Lutfalla, G and Mogensen, K and Chandre, F and Berthomieu, A and Berticat, C and Pasteur, N and Philips, A and Fort, P and Raymond, M},
  journal={Nature},
  volume={423},
  number={6936},
  pages={136},
  year={2003},
  publisher={Nature Publishing Group}
}

@article{Ranson2016,
  title={Insecticide resistance in African Anopheles mosquitoes: a worsening situation that needs urgent action to maintain malaria control},
  author={Ranson, H and Lissenden, N},
  journal={Trends in Parasitology},
  volume={32},
  number={3},
  pages={187--196},
  year={2016},
  publisher={Elsevier}
}

@article{Chesnais2016,
  title={Measurement of circulating filarial antigen levels in human blood with a point-of-care test strip and a portable spectrodensitometer},
  author={Chesnais, C{\'e}dric B and Vlaminck, Johnny and Kunyu-Shako, Billy and Pion, S{\'e}bastien D and Awaca-Uvon, Naomi-Pitchouna and Weil, Gary J and Mumba, Dieudonn{\'e} and Boussinesq, Michel},
  journal={The American journal of tropical medicine and hygiene},
  volume={94},
  number={6},
  pages={1324--1329},
  year={2016},
  publisher={ASTMH}
}

@article{weil1997,
  title={The ICT filariasis test: a rapid-format antigen test for diagnosis of bancroftian filariasis},
  author={Weil, GJ and Lammie, PJ and Weiss, N},
  journal={Parasitology today},
  volume={13},
  number={10},
  pages={401--404},
  year={1997},
  publisher={Elsevier}
}

@article{Hemingway2016,
  title={Averting a malaria disaster: Will insecticide resistance derail malaria control?},
  author={Hemingway, J and Ranson, H and Magill, A and Kolaczinski, J and Fornadel, C and Gimnig, J and Coetzee, M and Simard, F and Roch, DK and Hinzoumbe, CK and others},
  journal={The Lancet},
  volume={387},
  number={10029},
  pages={1785--1788},
  year={2016},
  publisher={Elsevier}
}

@article{Brand2016,
  title={The interaction between vector life history and short vector life in vector-borne disease transmission and control},
  author={Brand, Samuel PC and Rock, Kat S and Keeling, Matt J},
  journal={PLoS computational biology},
  volume={12},
  number={4},
  year={2016},
  publisher={Public Library of Science}
}

@article{Toe2014,
  title={Increased pyrethroid resistance in malaria vectors and decreased bed net effectiveness, Burkina Faso},
  author={To{\'e}, KH and Jones, CM and N’Fale, S and Ismail, HM and Dabir{\'e}, RK and Ranson, H},
  journal={Emerging Infectious Diseases},
  volume={20},
  number={10},
  pages={1691},
  year={2014},
  publisher={Centers for Disease Control and Prevention}
}

@article{Opoku2018,
  title={An assessment of mosquito collection techniques for xenomonitoring of anopheline-transmitted lymphatic filariasis in Ghana},
  author={Opoku, M and Minetti, C and Kartey-Attipoe, WD and Otoo, S and Otchere, J and Gomes, B and de Souza, DK and Reimer, LJ},
  journal={Parasitology},
  volume={145},
  number={13},
  pages={1783--1791},
  year={2018},
  publisher={Cambridge University Press}
}

@article{Pilotte2016,
  title={A novel xenomonitoring technique using mosquito excreta/feces for the detection of filarial parasites and malaria},
  author={Pilotte, N and Zaky, WI and Abrams, BP and Chadee, DD and Williams, SA},
  journal={PLoS Neglected Tropical Diseases},
  volume={10},
  number={4},
  pages={e0004641},
  year={2016},
  publisher={Public Library of Science}
}

@article{Hardwick2019,
  title={The ‘breakpoint’ of soil-transmitted helminths with infected human migration},
  author={Hardwick, RJ and Vegvari, C and Truscott, JE and Anderson, RM},
  journal={Journal of Theoretical Biology},
  pages={110076},
  year={2019},
  publisher={Elsevier}
}

@article{Boyd1937,
  title={A Consideration of the duration of the intrinsic incubation period in vivax malaria in relation to certain factors affecting the parasites},
  author={Boyd, MF and Kitchen, SF},
  journal={The American Journal of Tropical Medicine and Hygiene},
  volume={1},
  number={3},
  pages={437--444},
  year={1937},
  publisher={ASTMH}
}

@article{Smith2007,
  title={Revisiting the basic reproductive number for malaria and its implications for malaria control},
  author={Smith, DL and McKenzie, FE and Snow, RW and Hay, SI},
  journal={PLoS Biology},
  volume={5},
  number={3},
  pages={e42},
  year={2007},
  publisher={Public Library of Science}
}

@article{Gething2010,
  title={Climate change and the global malaria recession},
  author={Gething, PW and Smith, DL and Patil, AP and Tatem, AJ and Snow, RW and Hay, SI},
  journal={Nature},
  volume={465},
  number={7296},
  pages={342},
  year={2010},
  publisher={Nature Publishing Group}
}

@article{Yakob2014,
  title={Modelling parasite aggregation: disentangling statistical and ecological approaches},
  author={Yakob, L and Magalh{\~a}es, RJS and Gray, DJ and Milinovich, G and Wardrop, N and Dunning, R and Barendregt, J and Bieri, F and Williams, GM and Clements, ACA},
  journal={International Journal for Parasitology},
  volume={44},
  number={6},
  pages={339--342},
  year={2014},
  publisher={Elsevier}
}

@article{Truscott2019,
  title={Heterogeneity in transmission parameters of hookworm infection within the baseline data from the TUMIKIA study in Kenya},
  author={Truscott, JE and Ower, AK and Werkman, M and Halliday, K and Oswald, WE and Gichuki, PM and Mcharo, C and Brooker, S and Njenga, SM and Mwandariwo, C and others},
  journal={Parasites \& Vectors},
  volume={12},
  number={1},
  pages={442},
  year={2019},
  publisher={Springer}
}

@article{Doob1935,
  title={The limiting distributions of certain statistics},
  author={Doob, JL},
  journal={The Annals of Mathematical Statistics},
  volume={6},
  number={3},
  pages={160--169},
  year={1935},
  publisher={JSTOR}
}

@article{Katz1978,
  title={Obtaining confidence intervals for the risk ratio in cohort studies},
  author={Katz, D and Baptista, J and Azen, SP and Pike, MC},
  journal={Biometrics},
  pages={469--474},
  year={1978},
  publisher={JSTOR}
}

@article{Koopman1984,
  title={Confidence intervals for the ratio of two binomial proportions},
  author={Koopman, PAR},
  journal={Biometrics},
  pages={513--517},
  year={1984},
  publisher={JSTOR}
}

@article{Zhang2013,
  title={Mosquitoes of Western Yunnan Province, China: seasonal abundance, diversity, and arbovirus associations},
  author={Zhang, H-L and Zhang, Y-Z and Yang, W-H and Feng, Y and Nasci, RS and Yang, J and Liu, Y-H and Dong, C-L and Li, S and Zhang, B-S and others},
  journal={PloS One},
  volume={8},
  number={10},
  pages={e77017},
  year={2013},
  publisher={Public Library of Science}
}

@article{Chen2011,
  title={Comparison of the efficacy of CO2-baited and unbaited light traps, gravid traps, backpack aspirators, and sweep net collections for sampling mosquitoes infected with Japanese encephalitis virus},
  author={Chen, Y-C and Wang, C-Y and Teng, H-J and Chen, C-F and Chang, M-C and Lu, L-C and Lin, C and Jian, S-W and Wu, H-S},
  journal={Journal of Vector Ecology},
  volume={36},
  number={1},
  pages={68--74},
  year={2011},
  publisher={Wiley Online Library}
}

@article{Williams2007,
  title={Comparison of light traps, gravid traps, and resting boxes for West Nile virus surveillance},
  author={Williams, GM and Gingrich, JB},
  journal={Journal of Vector Ecology},
  volume={32},
  number={2},
  pages={285--292},
  year={2007},
  publisher={BioOne}
}

@article{Farid2007,
  title={A critical appraisal of molecular xenomonitoring as a tool for assessing progress toward elimination of Lymphatic Filariasis},
  author={Farid, HA and Morsy, ZS and Helmy, H and Ramzy, RMR and El Setouhy, M and Weil, GJ},
  journal={The American Journal of Tropical Medicine and Hygiene},
  volume={77},
  number={4},
  pages={593--600},
  year={2007},
  publisher={ASTMH}
}

@article{Schmaedick2014,
  title={Molecular xenomonitoring using mosquitoes to map lymphatic filariasis after mass drug administration in American Samoa},
  author={Schmaedick, MA and Koppel, AL and Pilotte, N and Torres, M and Williams, SA and Dobson, SL and Lammie, PJ and Won, KY},
  journal={PLoS Neglected Tropical Diseases},
  volume={8},
  number={8},
  pages={e3087},
  year={2014},
  publisher={Public Library of Science}
}

@article{Rao2016,
  title={Programmatic use of molecular xenomonitoring at the level of evaluation units to assess persistence of lymphatic filariasis in Sri Lanka},
  author={Rao, RU and Samarasekera, SD and Nagodavithana, KC and Punchihewa, MW and Dassanayaka, TDM and Gamini, PKD and Ford, E and Ranasinghe, USB and Henderson, RH and Weil, GJ},
  journal={PLoS neglected tropical diseases},
  volume={10},
  number={5},
  pages={e0004722},
  year={2016},
  publisher={Public Library of Science}
}

@article{Helmy2004,
  title={Test strip detection of Wuchereria bancrofti amplified DNA in wild-caught Culex pipiens and estimation of infection rate by a PoolScreen algorithm},
  author={Helmy, H and Fischer, P and Farid, HA and Bradley, MH and Ramzy, RMR},
  journal={Tropical Medicine \& International Health},
  volume={9},
  number={1},
  pages={158--163},
  year={2004},
  publisher={Wiley Online Library}
}

@article{Farid2001,
  title={Detection of Wuchereria bancrofti in mosquitoes by the polymerase chain reaction: a potentially useful tool for large-scale control programmes},
  author={Farid, HA and Hammad, RE and Hassan, MM and Morsy, ZS and Kamal, IH and Weil, GJ and Ramzy, RMR},
  journal={Transactions of the Royal Society of Tropical Medicine and Hygiene},
  volume={95},
  number={1},
  pages={29--32},
  year={2001},
  publisher={Elsevier}
}

@article{Owusu2015,
  title={Evaluation of human and mosquito based diagnostic tools for defining endpoints for elimination of Anopheles transmitted lymphatic filariasis in Ghana},
  author={Owusu, IO and de Souza, DK and Anto, F and Wilson, MD and Boakye, DA and Bockarie, MJ and Gyapong, JO},
  journal={Transactions of the Royal Society of Tropical Medicine and Hygiene},
  volume={109},
  number={10},
  pages={628--635},
  year={2015},
  publisher={Oxford University Press}
}

@article{Ramzy2006,
  title={Effect of yearly mass drug administration with diethylcarbamazine and albendazole on bancroftian filariasis in Egypt: A comprehensive assessment},
  author={Ramzy, RMR and El Setouhy, M and Helmy, H and Ahmed, ES and Elaziz, KMA and Farid, HA and Shannon, WD and Weil, GJ},
  journal={The Lancet},
  volume={367},
  number={9515},
  pages={992--999},
  year={2006},
  publisher={Elsevier}
}

@article{Weil2008,
  title={The impact of repeated rounds of mass drug administration with diethylcarbamazine plus albendazole on bancroftian filariasis in Papua New Guinea},
  author={Weil, GJ and Kastens, W and Susapu, M and Laney, SJ and Williams, SA and King, CL and Kazura, JW and Bockarie, MJ},
  journal={PLoS Neglected Tropical Diseases},
  volume={2},
  number={12},
  pages={e344},
  year={2008},
  publisher={Public Library of Science}
}

@article{Irish2018,
  title={Molecular xenomonitoring for Wuchereria bancrofti in Culex quinquefasciatus in two districts in Bangladesh supports transmission assessment survey findings},
  author={Irish, SR and Al-Amin, HM and Paulin, HN and Mahmood, ASMS and Khan, RK and Muraduzzaman, AKM and Worrell, CM and Flora, MS and Karim, MJ and Shirin, T and others},
  journal={PLoS Neglected Tropical Diseases},
  volume={12},
  number={7},
  pages={e0006574},
  year={2018},
  publisher={Public Library of Science}
}

@article{Dorkenoo2018,
  title={Molecular xenomonitoring for post-validation surveillance of lymphatic filariasis in Togo: no evidence for active transmission},
  author={Dorkenoo, MA and de Souza, DK and Apetogbo, Y and Oboussoumi, K and Yehadji, D and Tchalim, M and Etassoli, S and Koudou, B and Ketoh, GK and Sodahlon, Y and others},
  journal={Parasites \& Vectors},
  volume={11},
  number={1},
  pages={52},
  year={2018},
  publisher={BioMed Central}
}

@article{Pi2018,
  title={Implementing a community vector collection strategy using xenomonitoring for the endgame of lymphatic filariasis elimination},
  author={Pi-Bansa, S and Osei, JHN and Joannides, J and Woode, ME and Agyemang, D and Elhassan, E and Dadzie, SK and Appawu, MA and Wilson, MD and Koudou, BG and others},
  journal={Parasites \& Vectors},
  volume={11},
  number={1},
  pages={672},
  year={2018},
  publisher={BioMed Central}
}

@article{Rao2019,
  title={Systematic sampling of adults as a sensitive means of detecting persistence of lymphatic filariasis following mass drug administration in Sri Lanka},
  author={Rao, RU and Samarasekera, SD and Nagodavithana, KC and Punchihewa, MW and Ranasinghe, USB and Weil, GJ},
  journal={PLoS Neglected Tropical Diseases},
  volume={13},
  number={4},
  pages={e0007365},
  year={2019},
  publisher={Public Library of Science}
}

@article{Rahman2019,
  title={A surveillance system for lymphatic filariasis after its elimination in Sri Lanka},
  author={Rahman, MA and Yahathugoda, TC and Tojo, B and Premaratne, P and Nagaoka, F and Takagi, H and Kannathasan, S and Murugananthan, A and Weerasooriya, MV and Itoh, M},
  journal={Parasitology International},
  volume={68},
  number={1},
  pages={73--78},
  year={2019},
  publisher={Elsevier}
}

@article{Zaky2018,
  title={Backpack PCR: A point-of-collection diagnostic platform for the rapid detection of Brugia parasites in mosquitoes},
  author={Zaky, WI and Tomaino, FR and Pilotte, N and Laney, SJ and Williams, SA},
  journal={PLoS Neglected Tropical Diseases},
  volume={12},
  number={11},
  pages={e0006962},
  year={2018},
  publisher={Public Library of Science}
}

@article{Lau2016,
  title={Lymphatic filariasis elimination in American Samoa: evaluation of molecular xenomonitoring as a surveillance tool in the endgame},
  author={Lau, CL and Won, KY and Lammie, PJ and Graves, PM},
  journal={PLoS Neglected Tropical Diseases},
  volume={10},
  number={11},
  pages={e0005108},
  year={2016},
  publisher={Public Library of Science}
}

@article{Pilotte2016,
  title={A novel xenomonitoring technique using mosquito excreta/feces for the detection of filarial parasites and malaria},
  author={Pilotte, N and Zaky, WI and Abrams, BP and Chadee, DD and Williams, SA},
  journal={PLoS Neglected Tropical Diseases},
  volume={10},
  number={4},
  pages={e0004641},
  year={2016},
  publisher={Public Library of Science}
}

@article{Peck2019,
  title={Progress Toward the Development of Rapid Diagnostic Tests for Lymphatic Filariasis and Onchocerciasis},
  author={Peck, RB and Faulx, D and de los Santos, T},
  journal={Revolutionizing Tropical Medicine: Point-of-Care Tests, New Imaging Technologies and Digital Health},
  pages={231--243},
  year={2019},
  publisher={Wiley Online Library}
}

@MISC{WHO_NTD,
   author = {World Health Organization.},
   title = {Neglected tropical diseases.},
   note="Available at: https://www.who.int/neglected\_diseases/diseases/en/ [Accessed: 10th Dec 2019]"
 }
 
 @article{Hotez2008,
  title={Helminth infections: the great neglected tropical diseases},
  author={Hotez, PJ and Brindley, PJ and Bethony, JM and King, CH and Pearce, EJ and Jacobson, J},
  journal={The Journal of Clinical Investigation},
  volume={118},
  number={4},
  pages={1311--1321},
  year={2008},
  publisher={Am Soc Clin Investig}
}

@article{Bethony2006,
  title={Soil-transmitted helminth infections: ascariasis, trichuriasis, and hookworm},
  author={Bethony, J and Brooker, S and Albonico, M and Geiger, SM and Loukas, A and Diemert, D and Hotez, PJ},
  journal={The Lancet},
  volume={367},
  number={9521},
  pages={1521--1532},
  year={2006},
  publisher={Elsevier}
}

@article{Maizels2018,
  title={Modulation of host immunity by helminths: the expanding repertoire of parasite effector molecules},
  author={Maizels, RM and Smits, HH and McSorley, HJ},
  journal={Immunity},
  volume={49},
  number={5},
  pages={801--818},
  year={2018},
  publisher={Elsevier}
}

@article{Anderson2015,
  title={Should the goal for the treatment of soil transmitted helminth (STH) infections be changed from morbidity control in children to community-wide transmission elimination?},
  author={Anderson, RM and Turner, HC and Truscott, JE and Hollingsworth, TD and Brooker, SJ},
  journal={PLoS Neglected Tropical Diseases},
  volume={9},
  number={8},
  pages={e0003897},
  year={2015},
  publisher={Public Library of Science}
}

@book{WHO2017STH,
  title={Guideline: preventive chemotherapy to control soil-transmitted helminth infections in at-risk population groups},
  author={World Health Organization and others},
  year={2017},
  publisher={World Health Organization}
}

@article{Farrell2018,
  title={Investigating the effectiveness of current and modified World Health Organization guidelines for the control of soil-transmitted helminth infections},
  author={Farrell, SH and Coffeng, LE and Truscott, JE and Werkman, M and Toor, J and de Vlas, SJ and Anderson, RM},
  journal={Clinical Infectious Diseases},
  volume={66},
  number={suppl\_4},
  pages={S253--S259},
  year={2018},
  publisher={Oxford University Press US}
}

@article{Weiss2013,
  title={The SIR model and the foundations of public health},
  author={Weiss, HH},
  journal={Materials Mathematics},
  pages={0001--17},
  year={2013}
}

@article{Banasiak2013,
  title={A singularly perturbed SIS model with age structure},
  author={Banasiak, J and Phongi, EK and Lachowicz, M},
  journal={Mathematical Biosciences and Engineering},
  volume={10},
  number={3},
  pages={499--521},
  year={2013}
}

@article{Bolker1993,
  title={Chaos and biological complexity in measles dynamics},
  author={Bolker, BM and Grenfell, BT},
  journal={Proceedings of the Royal Society of London. Series B: Biological Sciences},
  volume={251},
  number={1330},
  pages={75--81},
  year={1993},
  publisher={The Royal Society London}
}

@incollection{Anderson1985,
  title={Helminth infections of humans: mathematical models, population dynamics, and control},
  author={Anderson, RM and May, RM},
  booktitle={Advances in Parasitology},
  volume={24},
  pages={1--101},
  year={1985},
  publisher={Elsevier}
}

@article{WHO_lfguideline,
  title={Alternative mass drug administration regimens to eliminate lymphatic filariasis. 2017},
  author={Guideline, WHO},
  journal={Contract No.: WHO/HTM/NTD/PCT},
  year={2017}
}

@article{Dean2016,
  title={Tailoring mass drug administration to context: implementation research is critical in achieving equitable progress in the control and elimination of helminth neglected tropical diseases in sub-Saharan Africa},
  author={Dean, L and Page, S and Hawkins, K and Stothard, R and Thomson, R and Wanji, S and Gyapong, M and Anagbogu, I and Molyneux, D and Theobald, S},
  journal={International Health},
  volume={8},
  number={4},
  pages={233--234},
  year={2016},
  publisher={Oxford University Press}
}

@article{Katakam2016,
  title={Environmental contamination and transmission of Ascaris suum in Danish organic pig farms},
  author={Katakam, KK and Thamsborg, SM and Dalsgaard, A and Kyvsgaard, NC and Mejer, H},
  journal={Parasites \& Vectors},
  volume={9},
  number={1},
  pages={80},
  year={2016},
  publisher={BioMed Central}
}

@article{Abubakari2018,
  title={Seasonal Disparity in Microbial and Soil Transmitted Helminths Concentrations in Irrigation Samples},
  author={Abubakari, A and Degraft-Johnson, E and Larbi, JA and Abaidoo, RC},
  journal={Int J Curr Microbiol App Sci},
  volume={7},
  number={8},
  pages={3562--3573},
  year={2018}
}

@article{Mekonnen2019,
  title={Assessment of seasonality in soil-transmitted helminth infections across 14 schools in Jimma Town, Ethiopia},
  author={Mekonnen, Z and Getachew, M and Bogers, J and Vercruysse, J and Levecke, B},
  journal={The Pan African Medical Journal},
  volume={32},
  year={2019},
  publisher={African Field Epidemiology Network}
}

@incollection{Truscott2016,
  title={Soil-transmitted helminths: mathematical models of transmission, the impact of mass drug administration and transmission elimination criteria},
  author={Truscott, JE and Turner, HC and Farrell, SH and Anderson, RM},
  booktitle={Advances in Parasitology},
  volume={94},
  pages={133--198},
  year={2016},
  publisher={Elsevier}
}

@article{Vegvari2019,
  title={Human population movement can impede the elimination of soil-transmitted helminth transmission in regions with heterogeneity in mass drug administration coverage and transmission potential between villages: A metapopulation analysis},
  author={Vegvari, C and Truscott, JE and Kura, K and Anderson, RM},
  journal={Parasites \& Vectors},
  volume={12},
  number={1},
  pages={438},
  year={2019},
  publisher={Springer}
}

@article{LiTeng2017,
  title={A mathematical model for the seasonal transmission of schistosomiasis in the lake and marshland regions of China},
  author={Li, Y and Teng, Z and Ruan, S and Li, M and Feng, X},
  journal={Mathematical Biosciences \& Engineering},
  volume={14},
  number={5\&6},
  pages={1279--1299},
  year={2017}
}

@article{Gao2017,
  title={The basic reproductive ratio of Barbour’s two-host schistosomiasis model with seasonal fluctuations},
  author={Gao, S-J and Cao, H-H and He, Y-Y and Liu, Y-J and Zhang, X-Y and Yang, G-J and Zhou, X-N},
  journal={Parasites \& Vectors},
  volume={10},
  number={1},
  pages={42},
  year={2017},
  publisher={BioMed Central}
}

@article{Huang2019,
  title={Macro-parasite transmission in dynamic seasonal environment: Basic Reproductive Number, endemicity, and control},
  author={Huang, Q and Gurarie, D and Ndeffo-Mbah, M and Lo, NC and King, CH},
  journal={medRxiv},
  pages={19012245},
  year={2019},
  publisher={Cold Spring Harbor Laboratory Press}
}

@article{Odermatt2008,
  title={Prevention of lymphatic filariasis with insecticide-treated bednets in Cambodia},
  author={Odermatt, P and Leang, R and Bin, B and Bunkea, T and Socheat, D},
  journal={Annals of Tropical Medicine \& Parasitology},
  volume={102},
  number={2},
  pages={135--142},
  year={2008},
  publisher={Taylor \& Francis}
}

@article{Njenga2011,
  title={Sustained reduction in prevalence of lymphatic filariasis infection in spite of missed rounds of mass drug administration in an area under mosquito nets for malaria control},
  author={Njenga, SM and Mwandawiro, CS and Wamae, CN and Mukoko, DA and Omar, AA and Shimada, M and Bockarie, MJ and Molyneux, DH},
  journal={Parasites \& Vectors},
  volume={4},
  number={1},
  pages={90},
  year={2011},
  publisher={BioMed Central}
}

@article{Blackburn2006,
  title={Successful integration of insecticide-treated bed net distribution with mass drug administration in Central Nigeria},
  author={Blackburn, BG and Eigege, A and Gotau, H and Gerlong, G and Miri, E and Hawley, WA and Mathieu, ELS and Richards, F},
  journal={The American Journal of Tropical Medicine and Hygiene},
  volume={75},
  number={4},
  pages={650--655},
  year={2006},
  publisher={ASTMH}
}

@techreport{WHO2002xeno,
  title={Defining the roles of vector control and xenomonitoring in the Global Programme to Eliminate Lymphatic Filariasis: report of the informal consultation WHO/HQ, Geneva, 29-31 January 2002},
  author={World Health Organization and others},
  year={2002},
  institution={Geneva: World Health Organization}
}

@techreport{WHO2005_LF,
  title={Report on Lymphatic filariasis, Geneva, 10--12 May 2005},
  author={World Health Organization -- Scientific Working Group},
  year={2005},
  institution={Geneva: World Health Organization}
}

@article{Chadee2002,
  title={Xenomonitoring of Culex quinquefasciatus mosquitoes as a guide for detecting the presence or absence of lymphatic filariasis: a preliminary protocol for mosquito sampling.},
  author={Chadee, DD and Williams, SA and Ottesen, EA},
  journal={Annals of Tropical Medicine and Parasitology},
  volume={96},
  pages={S47--53},
  year={2002}
}

@article{Swaminathan2017,
  title={Application of a household-based molecular xenomonitoring strategy to evaluate the lymphatic filariasis elimination program in Tamil Nadu, India},
  author={Swaminathan, S and Purushothaman, J and Chu, BK and Candasamy, S and Venkatesan, V and Adinarayanan, S and Kaliannagounder, K and Raju, HK and Laney, SJ and Williams, SA and others},
  journal={PLoS Neglected Tropical Diseases},
  volume={11},
  number={4},
  pages={e0005519},
  year={2017},
  publisher={Public Library of Science}
}

@article{Anderson1982_workshop,
  title={Report: Population biology of infectious diseases},
  journal={Dahlem workshop on population biology of infectious disease agents, Berlin},
  year={March 14-19, 1982},
  author={Anderson, RM and May, RM},
  publisher={Springer-Verlag}
}

@article{Allen2012,
  title={Will increased funding for neglected tropical diseases really make poverty history?},
  author={Allen, T and Parker, M},
  journal={The Lancet},
  volume={379},
  number={9821},
  pages={1097--1098},
  year={2012},
  publisher={Elsevier}
}